@book{taylor_error,
  author    = {John R. Taylor},
  title     = {An Introduction to Error Analysis},
  year      = {1997},
  publisher = {University Science Books},
  ISBN      = {9780935702422}
}
